
@article{wang2022so2,
  title = {so2-Equivariant Reinforcement Learning},
  author = {Wang, Dian and Walters, Robin and Platt, Robert},
  journal = {arXiv preprint arXiv:2203.04439},
  year = {2022},
}

@article{mondal2020group,
  title = {Group equivariant deep reinforcement learning},
  author = {Mondal, Arnab Kumar and Nair, Pratheeksha and Siddiqi, Kaleem},
  journal = {arXiv preprint arXiv:2007.03437},
  year = {2020},
}
@inproceedings{cohen2016group,
  title = {Group equivariant convolutional networks},
  author = {Cohen, Taco and Welling, Max},
  booktitle = {International conference on machine learning},
  pages = {2990--2999},
  year = {2016},
  organization = {PMLR},
}


@article{van2020mdp,
  doi = {10.48550/ARXIV.2006.16908},
  url = {https://arxiv.org/abs/2006.16908},
  author = {van der Pol, Elise and Worrall, Daniel E. and van Hoof, Herke and
            Oliehoek, Frans A. and Welling, Max},
  keywords = {Machine Learning (cs.LG), Machine Learning (stat.ML), FOS:
              Computer and information sciences, FOS: Computer and information
              sciences},
  title = {MDP Homomorphic Networks: Group Symmetries in Reinforcement Learning},
  publisher = {arXiv},
  year = {2020},
  copyright = {arXiv.org perpetual, non-exclusive license},
}
@article{weiler2019general,
  title = {General e (2)-equivariant steerable cnns},
  author = {Weiler, Maurice and Cesa, Gabriele},
  journal = {Advances in neural information processing systems},
  volume = {32},
  year = {2019},
}
@article{schulman2017proximal,
  title = {Proximal policy optimization algorithms},
  author = {Schulman, John and Wolski, Filip and Dhariwal, Prafulla and Radford,
            Alec and Klimov, Oleg},
  journal = {arXiv preprint arXiv:1707.06347},
  year = {2017},
}
@article{ravindran2003smdp,
  author = {Ravindran, Balaraman and Barto, Andrew},
  year = {2003},
  month = {05},
  pages = {},
  title = {SMDP Homomorphisms: An Algebraic Approach to Abstraction in
           Semi-Markov Decision Processes},
  year = {2003},
}

@inproceedings{ravindran2001symmetries,
  title = {Symmetries and Model Minimization in Markov Decision Processes},
  author = {Balaraman Ravindran and Andrew G. Barto},
  year = {2001},
}

@article{zhou2020meta,
  title = {Meta-learning symmetries by reparameterization},
  author = {Zhou, Allan and Knowles, Tom and Finn, Chelsea},
  journal = {arXiv preprint arXiv:2007.02933},
  year = {2020},
}
@article{lu2022discovered,
  title = {Discovered policy optimisation},
  author = {Lu, Chris and Kuba, Jakub and Letcher, Alistair and Metz, Luke and
            Schroeder de Witt, Christian and Foerster, Jakob},
  journal = {Advances in Neural Information Processing Systems},
  volume = {35},
  pages = {16455--16468},
  year = {2022},
}
@inproceedings{osband2020bsuite,
  title = {Behaviour Suite for Reinforcement Learning},
  author = {Osband, Ian and Doron, Yotam and Hessel, Matteo and Aslanides, John
            and Sezener, Eren and Saraiva, Andre and McKinney, Katrina and
            Lattimore, Tor and {Sz}epesv{\'a}ri, Csaba and Singh, Satinder and
            Van Roy, Benjamin and Sutton, Richard and Silver, David and van
            Hasselt, Hado},
  booktitle = {International Conference on Learning Representations},
  year = {2020},
  url = {https://openreview.net/forum?id=rygf-kSYwH},
}
@inproceedings{florian2007correct,
  title = {Correct equations for the dynamics of the cart-pole system},
  author = {Florian, Razvan V},
  year = {2005},
  url = {https://api.semanticscholar.org/CorpusID:13144387},
}
@article{barto1983neuronlike,
  title = {Neuronlike adaptive elements that can solve difficult learning
           control problems},
  author = {Barto, Andrew G and Sutton, Richard S and Anderson, Charles W},
  journal = {IEEE transactions on systems, man, and cybernetics},
  number = {5},
  pages = {834--846},
  year = {1983},
  publisher = {IEEE},
}

@article{sutton2012dyna,
  title = {Dyna-style planning with linear function approximation and
           prioritized sweeping},
  author = {Sutton, Richard S and Szepesv{\'a}ri, Csaba and Geramifard, Alborz
            and Bowling, Michael P},
  journal = {arXiv preprint arXiv:1206.3285},
  year = {2012},
}
